% file: podc18-jupiter-report.bib

% GoogleDocs
@Misc{GoogleDocs,
  title = {Google Docs},
  author = {Google},
  howpublished = {\url{https://docs.google.com}},
  note = {Accessed: January 2018},
}

% GoogleDocsJupiter
@Misc{GoogleDocsJupiter,
  title = {What's different about the new Google Docs: Making collaboration fast},
  author = {Google},
  howpublished = {\url{https://drive.googleblog.com/2010/09/whats-different-about-new-google-docs.html}},
  year = {2010},
  note = {Accessed: May 2018},
}

% Wave
@Misc{Wave,
  title = {Apache Wave},
  author = {The Apache Software Foundation},
  howpublished = {\url{https://incubator.apache.org/wave/}},
  year = {2012},
  note = {Accessed: August 2017},
}

% WaveDoc
@manual{WaveDoc,
  author = {The Apache Wave Foundation},
  title = {Apache Wave (incubating) Protocol Documentation (Release 0.4)},
  year = {August 22, 2015},
  pages = {36},
}

@Misc{CodoxWord,
  title = {CodoxWord},
  author = {Codoxware Pte Ltd},
  howpublished = {\url{http://www.codoxware.com/}},
  year = {2014},
  note = {Accessed: August 2017},
}

Misc{Gobby,
  title = {Gobby},
  howpublished = {\url{https://gobby.github.io/}},
  note = {Accessed: August 2017},
}

@Misc{WaveOT,
  title = {Google Wave Operational Transformation},
  author = {Wang, David and Mah, Alex and Lassen, Soren},
  howpublished = {\url{https://svn.apache.org/repos/asf/incubator/wave/whitepapers/operational-transform/operational-transform.html}},
  year = {2010},
  note = {Accessed: August 2017},
}

% Leuf:Wiki01
@book{Leuf:Wiki01,
 author = {Leuf, Bo and Cunningham, Ward},
 title = {The Wiki Way: Quick Collaboration on the Web},
 year = {2001},
 isbn = {0-201-71499-X},
 publisher = {Addison-Wesley Longman Publishing Co., Inc.},
 address = {Boston, MA, USA},
}

% Attiya:Book04
@book{Attiya:Book04,
 author = {Attiya, Hagit and Welch, Jennifer},
 title = {Distributed Computing: Fundamentals, Simulations and Advanced Topics},
 year = {2004},
 isbn = {0471453242},
 publisher = {John Wiley \& Sons},
 address = {NJ, USA},
}

@article{Lamport:CACM78,
 author = {Lamport, Leslie},
 title = {Time, Clocks, and the Ordering of Events in a Distributed System},
 journal = {Commun. ACM},
 issue_date = {July 1978},
 volume = {21},
 number = {7},
 month = jul,
 year = {1978},
 pages = {558--565},
 publisher = {ACM},
}

% Ellis:SIGMOD89
@inproceedings{Ellis:SIGMOD89,
 author = {Ellis, C. A. and Gibbs, S. J.},
 title = {Concurrency Control in Groupware Systems},
 booktitle = {Proceedings of the 1989 ACM SIGMOD International Conference on Management of Data},
 series = {SIGMOD '89},
 year = {1989},
 pages = {399--407},
 publisher = {ACM},
}

@article{Prakash:TOCHI94,
 author = {Prakash, Atul and Knister, Michael J.},
 title = {A Framework for Undoing Actions in Collaborative Systems},
 journal = {ACM Trans. Comput.-Hum. Interact.},
 issue_date = {Dec. 1994},
 volume = {1},
 number = {4},
 month = dec,
 year = {1994},
 pages = {295--330},
 publisher = {ACM},
}

% Nichols:UIST95
@inproceedings{Nichols:UIST95,
 author = {Nichols, David A. and Curtis, Pavel and Dixon, Michael and Lamping, John},
 title = {High-latency, Low-bandwidth Windowing in the Jupiter Collaboration System},
 booktitle = {Proceedings of the 8th Annual ACM Symposium on User Interface and Software Technology},
 series = {UIST '95},
 year = {1995},
 pages = {111--120},
 publisher = {ACM},
}

% Ressel:CSCW96
@inproceedings{Ressel:CSCW96,
 author = {Ressel, Matthias and Nitsche-Ruhland, Doris and Gunzenh\"{a}user, Rul},
 title = {An Integrating, Transformation-oriented Approach to Concurrency Control and Undo in Group Editors},
 booktitle = {Proceedings of the 1996 ACM Conference on Computer Supported Cooperative Work},
 series = {CSCW '96},
 year = {1996},
 pages = {288--297},
 publisher = {ACM},
}

% Sun:TOCHI98
@article{Sun:TOCHI98,
 author = {Sun, Chengzheng and Jia, Xiaohua and Zhang, Yanchun and Yang, Yun and Chen, David},
 title = {Achieving Convergence, Causality Preservation, and Intention Preservation in Real-time Cooperative Editing Systems},
 journal = {ACM Trans. Comput.-Hum. Interact.},
 issue_date = {March 1998},
 volume = {5},
 number = {1},
 month = mar,
 year = {1998},
 pages = {63--108},
 publisher = {ACM},
}

% Sun:CSCW98
@inproceedings{Sun:CSCW98,
 author = {Sun, Chengzheng and Ellis, Clarence},
 title = {Operational Transformation in Real-time Group Editors: Issues, Algorithms, and Achievements},
 booktitle = {Proceedings of the 1998 ACM Conference on Computer Supported Cooperative Work},
 series = {CSCW '98},
 year = {1998},
 pages = {59--68},
 publisher = {ACM},
}

% Vidot:CSCW00
@inproceedings{Vidot:CSCW00,
 author = {Vidot, Nicolas and Cart, Michelle and Ferri{\'e}, Jean and Suleiman, Maher},
 title = {Copies Convergence in a Distributed Real-time Collaborative Environment},
 booktitle = {Proceedings of the 2000 ACM Conference on Computer Supported Cooperative Work},
 series = {CSCW '00},
 year = {2000},
 isbn = {1-58113-222-0},
 pages = {171--180},
 publisher = {ACM},
}

% Sun:TOCHI02
@article{Sun:TOCHI02,
 author = {Sun, Chengzheng},
 title = {Undo As Concurrent Inverse in Group Editors},
 journal = {ACM Trans. Comput.-Hum. Interact.},
 issue_date = {December 2002},
 volume = {9},
 number = {4},
 month = dec,
 year = {2002},
 pages = {309--361},
 publisher = {ACM},
}

% Shen:CSCW02
@inproceedings{Shen:CSCW02,
 author = {Shen, Haifeng and Sun, Chengzheng},
 title = {Flexible Notification for Collaborative Systems},
 booktitle = {Proceedings of the 2002 ACM Conference on Computer Supported Cooperative Work},
 series = {CSCW '02},
 year = {2002},
 pages = {77--86},
 publisher = {ACM},
}

% Li:ICPADS04
@inproceedings{Li:ICPADS04,
 author = {Li, Rui and Li, Du and Sun, Chengzheng},
 title = {A Time Interval Based Consistency Control Algorithm for Interactive Groupware Applications},
 booktitle = {Proceedings of the 10th International Conference on Parallel and Distributed Systems},
 series = {ICPADS '04},
 year = {2004},
 pages = {429--438},
 publisher = {IEEE Computer Society},
}

% Defago:CSUR04
@article{Defago:CSUR04,
 author = {D{\'e}fago, Xavier and Schiper, Andr{\'e} and Urb\'{a}n, P{\'e}ter},
 title = {Total Order Broadcast and Multicast Algorithms: Taxonomy and Survey},
 journal = {ACM Comput. Surv.},
 issue_date = {December 2004},
 volume = {36},
 number = {4},
 month = dec,
 year = {2004},
 pages = {372--421},
 publisher = {ACM},
}

@article{Saito:CSUR05,
 author = {Saito, Yasushi and Shapiro, Marc},
 title = {Optimistic Replication},
 journal = {ACM Comput. Surv.},
 issue_date = {March 2005},
 volume = {37},
 number = {1},
 month = mar,
 year = {2005},
 pages = {42--81},
 publisher = {ACM},
}

% Oster:CSCW06
@inproceedings{Oster:CSCW06,
 author = {Oster, G{\'e}rald and Urso, Pascal and Molli, Pascal and Imine, Abdessamad},
 title = {Data Consistency for P2P Collaborative Editing},
 booktitle = {Proceedings of the 2006 20th Anniversary Conference on Computer Supported Cooperative Work},
 series = {CSCW '06},
 year = {2006},
 isbn = {1-59593-249-6},
 pages = {259--268},
 publisher = {ACM},
}

% Imine:TCS06
@article{Imine:TCS06,
 author = {Imine, Abdessamad and Rusinowitch, Micha\"{e}l and Oster, G{\'e}rald and Molli, Pascal},
 title = {Formal Design and Verification of Operational Transformation Algorithms for Copies Convergence},
 journal = {Theor. Comput. Sci.},
 issue_date = {21 February 2006},
 volume = {351},
 number = {2},
 month = feb,
 year = {2006},
 pages = {167--183},
 publisher = {Elsevier Science Publishers Ltd.},
}

% Preguica:ICDCS09
@inproceedings{Preguica:ICDCS09,
 author = {Preguica, Nuno and Marques, Joan Manuel and Shapiro, Marc and Letia, Mihai},
 title = {A Commutative Replicated Data Type for Cooperative Editing},
 booktitle = {Proceedings of the 29th IEEE International Conference on Distributed Computing Systems},
 series = {ICDCS '09},
 year = {2009},
 pages = {395--403},
 publisher = {IEEE Computer Society},
}

% Weiss:ICDCS09
@inproceedings{Weiss:ICDCS09,
 author = {Weiss, Stephane and Urso, Pascal and Molli, Pascal},
 title = {Logoot: A Scalable Optimistic Replication Algorithm for Collaborative Editing on P2P Networks},
 booktitle = {Proceedings of the 29th IEEE International Conference on Distributed Computing Systems},
 series = {ICDCS '09},
 year = {2009},
 pages = {404--412},
 publisher = {IEEE Computer Society},
}

% Sun:TPDS09
@article{Sun:TPDS09,
 author = {Sun, David and Sun, Chengzheng},
 title = {Context-Based Operational Transformation in Distributed Collaborative Editing Systems},
 journal = {IEEE Trans. Parallel Distrib. Syst.},
 issue_date = {October 2009},
 volume = {20},
 number = {10},
 month = oct,
 year = {2009},
 pages = {1454--1470},
 publisher = {IEEE Press},
}

% Shapiro:SSS11
@inproceedings{Shapiro:SSS11,
 author = {Shapiro, Marc and Pregui\c{c}a, Nuno and Baquero, Carlos and Zawirski, Marek},
 title = {Conflict-free Replicated Data Types},
 booktitle = {Proceedings of the 13th International Conference on Stabilization, Safety, and Security of Distributed Systems},
 series = {SSS'11},
 year = {2011},
 pages = {386--400},
 publisher = {Springer-Verlag},
}

% Roh:JPDC11
@article{Roh:JPDC11,
 author = {Roh, Hyun-Gul and Jeon, Myeongjae and Kim, Jin-Soo and Lee, Joonwon},
 title = {Replicated Abstract Data Types: Building Blocks for Collaborative Applications},
 journal = {J. Parallel Distrib. Comput.},
 issue_date = {March, 2011},
 volume = {71},
 number = {3},
 month = mar,
 year = {2011},
 pages = {354--368},
 publisher = {Academic Press, Inc.},
}

% Xu:CSCW14
@inproceedings{Xu:CSCW14,
 author = {Xu, Yi and Sun, Chengzheng and Li, Mo},
 title = {Achieving Convergence in Operational Transformation: Conditions, Mechanisms and Systems},
 booktitle = {Proceedings of the 17th ACM Conference on Computer Supported Cooperative Work},
 series = {CSCW '14},
 year = {2014},
 pages = {505--518},
 publisher = {ACM},
}

% Sun:CSCW14
@inproceedings{Sun:CSCW14,
 author = {Sun, Chengzheng and Xu, Yi and Agustina, Agustina},
 title = {Exhaustive Search of Puzzles in Operational Transformation},
 booktitle = {Proceedings of the 17th ACM Conference on Computer Supported Cooperative Work},
 series = {CSCW '14},
 year = {2014},
 location = {Baltimore, Maryland, USA},
 pages = {519--529},
 publisher = {ACM},
}

@inproceedings{Burckhardt:POPL14,
 author = {Burckhardt, Sebastian and Gotsman, Alexey and Yang, Hongseok and Zawirski, Marek},
 title = {Replicated Data Types: Specification, Verification, Optimality},
 booktitle = {Proceedings of the 41st ACM SIGPLAN-SIGACT Symposium on Principles of Programming Languages},
 series = {POPL '14},
 year = {2014},
 pages = {271--284},
 publisher = {ACM},
}

@inproceedings{Attiya:PODC15,
 author = {Attiya, Hagit and Ellen, Faith and Morrison, Adam},
 title = {Limitations of Highly-Available Eventually-Consistent Data Stores},
 booktitle = {Proceedings of the 2015 ACM Symposium on Principles of Distributed Computing},
 series = {PODC '15},
 year = {2015},
 pages = {385--394},
 publisher = {ACM},
}

@inproceedings{Attiya:PODC16,
  title = {Specification and complexity of collaborative text editing},
  author = {Attiya, Hagit and Burckhardt, Sebastian and Gotsman, Alexey and Morrison, Adam and Yang, Hongseok and Zawirski, Marek},
  booktitle = {Proceedings of the 2016 ACM Symposium on Principles of Distributed Computing},
  series = {PODC '16},
  pages = {259--268},
  year = {2016},
  publisher = {ACM},
}
